<record xmlns='http://www.loc.gov/MARC21/slim'><leader>00943cam a2200301 a 4500</leader><controlfield tag='001'>123456</controlfield><controlfield tag='005'>20120710101702.0</controlfield><controlfield tag='008'>830216s1982    enka     b    00110 eng  </controlfield><datafield ind1=' ' ind2=' ' tag='010'><subfield code='a'>   82127131 </subfield></datafield><datafield ind1=' ' ind2=' ' tag='020'><subfield code='a'>0246114312 :</subfield><subfield code='c'>£8.95</subfield></datafield><datafield ind1=' ' ind2=' ' tag='035'><subfield code='a'>(OCoLC)8698087</subfield></datafield><datafield ind1=' ' ind2=' ' tag='035'><subfield code='a'>(CStRLIN)NJPG83-B11839</subfield></datafield><datafield ind1=' ' ind2=' ' tag='035'><subfield code='9'>AAT8202TS</subfield></datafield><datafield ind1='0' ind2=' ' tag='039'><subfield code='a'>2</subfield><subfield code='b'>3</subfield><subfield code='c'>3</subfield><subfield code='d'>3</subfield><subfield code='e'>3</subfield></datafield><datafield ind1=' ' ind2=' ' tag='043'><subfield code='a'>e-uk---</subfield></datafield><datafield ind1='0' ind2=' ' tag='050'><subfield code='a'>BL980.G7</subfield><subfield code='b'>B66 1982</subfield></datafield><datafield ind1='0' ind2=' ' tag='082'><subfield code='a'>291.3/8/0941</subfield><subfield code='2'>19</subfield></datafield><datafield ind1='1' ind2=' ' tag='100'><subfield code='a'>Bord, Janet,</subfield><subfield code='d'>1945-</subfield></datafield><datafield ind1='1' ind2='0' tag='245'><subfield code='a'>Earth rites :</subfield><subfield code='b'>fertility rites in pre-industrial Britain /</subfield><subfield code='c'>Janet and Colin Bord.</subfield></datafield><datafield ind1=' ' ind2=' ' tag='260'><subfield code='a'>London ;</subfield><subfield code='a'>New York :</subfield><subfield code='b'>Granada,</subfield><subfield code='c'>1982.</subfield></datafield><datafield ind1=' ' ind2=' ' tag='300'><subfield code='a'>xiv, 273 p. :</subfield><subfield code='b'>ill. ;</subfield><subfield code='c'>24 cm.</subfield></datafield><datafield ind1=' ' ind2=' ' tag='504'><subfield code='a'>Bibliography: p. 241.</subfield></datafield><datafield ind1=' ' ind2=' ' tag='500'><subfield code='a'>Includes index.</subfield></datafield><datafield ind1=' ' ind2='0' tag='650'><subfield code='a'>Fertility cults</subfield><subfield code='z'>Great Britain</subfield><subfield code='x'>History.</subfield></datafield><datafield ind1='1' ind2=' ' tag='700'><subfield code='a'>Bord, Colin.</subfield></datafield><datafield ind1=' ' ind2=' ' tag='998'><subfield code='a'>02/08/84</subfield><subfield code='s'>9110</subfield><subfield code='n'>NjP</subfield><subfield code='w'>CTYG83B32664</subfield><subfield code='d'>02/16/83</subfield><subfield code='c'>RNG</subfield><subfield code='b'>RNG</subfield><subfield code='i'>840208</subfield><subfield code='l'>NJPG</subfield></datafield><datafield ind1=' ' ind2=' ' tag='911'><subfield code='a'>19921028</subfield></datafield><datafield ind1=' ' ind2=' ' tag='912'><subfield code='a'>19900821000000.0</subfield></datafield><datafield ind1='0' ind2='0' tag='852'><subfield code='b'>rcppa</subfield><subfield code='t'>1</subfield><subfield code='h'>BL980.G7</subfield><subfield code='i'>B66 1982</subfield><subfield code='x'>tr fr f</subfield></datafield></record>